@misc{wrkits_fusivel_2024,
	author       = {WR{ }KITS},
	title        = {Incrível! Proteja seus circuitos com o fusível eletrônico!},
	url          = {https://www.youtube.com/watch?v=igVyqo4eaik},
	note         = {Publicado em: 14 fev. 2024. Acesso em: 11 nov. 2024},
	howpublished = {YouTube: canal WR Kits}
}

@book{pertencejr_2003,
	author		 = {Antônio Pertence{ }Jr.},
	title		 = {Eletrônica Analógica: amplificadores operacionais e filtros ativos},
	subtitle	 = {teoria, projetos, aplicações e laboratório},
	address		 = {Porto Alegre},
	year 		 = {2003},
	publisher 	 = {Bookman},
	edition 	 = {6}
}

@misc{wrkits_polarizacaoTBJ_2022,
	author       = {WR{ }KITS},
	title        = {Afinal, o que é polarização de um transistor? Entenda hoje!},
	url          = {https://www.youtube.com/watch?v=lomEJlZkIyQ},
	note         = {Publicado em: 20 abr. 2022. Acesso em: 18 set. 2024},
	howpublished = {YouTube: canal WR Kits}
}

@misc{wrkits_polarizacaoTBJ_2020,
	author       = {WR{ }KITS},
	title        = {Na prática! Os modos de operação do transistor},
	url          = {https://www.youtube.com/watch?v=Agf2qs1IS1w},
	note         = {Publicado em: 09 dez. 2020. Acesso em: 18 set. 2024},
	howpublished = {YouTube: canal WR Kits}
}

@misc{prof_bairros_zener_2021,
	author       = {Professor{ }Bairros},
	title        = {O super diodo Zener!},
	url          = {https://www.youtube.com/watch?v=A_-otDLpNWg},
	note         = {Publicado em: 25 jun. 2021. Acesso em: 23 set. 2024},
	howpublished = {YouTube: canal Professor Bairros}
}

@misc{wrkits_zener_2020,
	author       = {WR{ }KITS},
	title        = {Diodo Zener: Essa aula a faculdade não te mostra (mas deveria!)},
	url          = {https://www.youtube.com/watch?v=VY3BEf8RQwM},
	note         = {Publicado em: 04 abr. 2020. Acesso em: 23 set. 2024},
	howpublished = {YouTube: canal WR Kits}
}

@article{rambo_pwm555_2021,
	author		 = {Wagner Rambo},
	journal		 = {Revista Eletrônica WR},
	month		 = {jan.},
	number		 = {2},
	pages		 = {5-7},
	title		 = {Circuito {PWM} com 555},
	year		 = {2021}
}

@article{rambo_onoffSCR_2021,
	author		 = {Wagner Rambo},
	journal		 = {Revista Eletrônica WR},
	month		 = {jan.},
	number		 = {2},
	pages		 = {24-25},
	title		 = {Chave {ON/OFF} com {SCR}},
	year		 = {2021}
}

@article{rambo_ressonancia_2021,
	author		 = {Wagner Rambo},
	journal		 = {Revista Eletrônica WR},
	month		 = {ja.n},
	number		 = {2},
	pages		 = {33-34},
	title		 = {Experiência com Ressonância de Cristal de Quartzo},
	year		 = {2021}
}

@misc{rambo_altofalantes,
	author       = {Wagner Rambo},
	title        = {Sinais e Associação de Alto-Falantes},
	url          = {https://www.hotmart.com},
	howpublished = {Hotmart: Curso de áudio e amplificadores}
	note		 = {Notas da aula 1.4. Acesso em: XX AAA 2024}
}

@misc{rambo_ruido_linhas,
	author       = {Wagner Rambo},
	title        = {Redução de Ruído e Linhas de Distribuição},
	url          = {https://www.hotmart.com},
	howpublished = {Hotmart: Curso de áudio e amplificadores}
	note		 = {Notas da aula 1.5. Acesso em: XX AAA 2024}
}

@manual{datasheet_555,
    author       = {Texas{ }Instruments},
    title        = {xx555 Precision Timers},
	subtitle     = {Datasheet {SLFS022I}},
    organization = {Texas Instruments},
    year         = {set. 1973},
    note         = {Rev. set. 2014, pg. 1-19. Acesso em: 12 nov. 2024},
    url          = {https://www.ti.com/lit/gpn/ne555}
}

@booklet{ei_circuitosCCII,
	title        = {Circuitos de Corrente Contínua - Parte II},
	note     	 = {Apostila n. 8},
	organization = {Escolas Internacionais},
	year         = {198X}
}

@article{rambo_RLC2021,
	author		 = {Wagner Rambo},
	journal		 = {Revista Eletrônica WR},
	month		 = {fev.},
	number		 = {3},
	pages		 = {26-29},
	title		 = {Cálculo Avançado de Circuito {RLC} Série},
	year		 = {2021}
}

@misc{alves_kunzle_2019,
	author       = {Marco A. Zanata Alves and Luis Allan Künzle},
	title        = {Circuitos Lógicos: Mapa de Karnaugh},
	howpublished = {Material didático da disciplina Circuitos Digitais - CI 1068, 2° Semestre de 2019},
	institution  = {Universidade Federal do Paraná},
	year         = {2019},
	url          = {https://www.inf.ufpr.br/kunzle/disciplinas/ci068/2019-2/slides/aula9_mapa_de_karnaugh.pdf},
	note         = {Acesso em: 04 out. 2024}
}

@misc{eg_gateDrivers_2021,
	author       = {Eletrônica{ }Geral},
	title        = {Tipos de Gate Drivers em Eletrônica de Potência},
	url          = {https://www.youtube.com/watch?v=RgFSD5BAVbY},
	note         = {Publicado em: 29 jun. 2021. Acesso em: 30 ago. 2024},
	howpublished = {YouTube: canal Eletrônica Geral}
}

@misc{mrt_mosfetdrivers_2023,
	author       = {Mr.T's{ }Design{ }Graveyard},
	title        = {3 Simple MOSFET Drive Circuits},
	url          = {https://www.youtube.com/watch?v=wv4uAz8FV2w},
	note         = {Publicado em: 28 dez. 2023. Acesso em: 29 ago. 2024},
	howpublished = {YouTube: canal Mr.T's Design Graveyard}
}

@misc{wrkits_mosfet_driver_2023,
	author       = {WR{ }KITS},
	title        = {Quer um MOSFET driver bem simples para o seu projeto? Veja este!},
	url          = {https://www.youtube.com/watch?v=zITj2Rdy-q8},
	note         = {Publicado em: 25 out. 2023. Acesso em: 11 set. 2024},
	howpublished = {YouTube: canal WR Kits}
}

@article{ncb_reles_1991,
	author		 = {Newton C. Braga},
	journal		 = {Eletrônica Total},
	month		 = {mai},
	number		 = {32},
	title		 = {Aumentando a Sensibilidade de Relés ({ART1568})},
	year		 = {1991},
	url			 = {https://newtoncbraga.com.br/?view=article\&id=13404\&catid=52},
	note		 = {Acesso em: 02 set. 2024}
}

