@article{janani_image_2015,
	title = {Image enhancement techniques: {A} study},
	volume = {8},
	url = {https://sciresol.s3.us-east-2.amazonaws.com/IJST/Articles/2015/Issue-22/Article18.pdf},
	number = {22},
	urldate = {2024-09-30},
	journal = {Indian Journal of Science and Technology},
	author = {Janani, P. and Premaladha, J. and Ravichandran, K. S.},
	year = {2015},
	pages = {1--12},
}

@article{el-mashed_target_2012,
	title = {Target {Image} {Enhancement} in {Radar} {Imaging} {Using} {Fractional} {Fourier} {Transform}},
	volume = {13},
	issn = {1557-2072},
	url = {https://doi.org/10.1007/s11220-011-0069-y},
	doi = {10.1007/s11220-011-0069-y},
	language = {en},
	number = {1},
	urldate = {2024-09-30},
	journal = {Sensing and Imaging: An International Journal},
	author = {El-Mashed, M. G. and Dessouky, M. I. and El-Kordy, M. and Zahran, O. and Abd El-Samie, F. E.},
	month = mar,
	year = {2012},
	pages = {37--53},
}

@manual{datasheet_555,
    author       = {Texas{ }Instruments},
    title        = {xx555 Precision Timers},
	subtitle     = {Datasheet {SLFS022I}},
    organization = {Texas Instruments},
    month        = {set.},
    year         = {1973},
    note         = {Rev. set. 2014, pg. 1-19. Acesso em: XX AAA 2024},
    url          = {https://www.ti.com/lit/gpn/ne555}
}